<record><leader>00000cas a2200000 a 4500</leader><controlfield tag="001">10833188</controlfield><controlfield tag="008">840612d18861887ksuwr ne      0   a0eng d</controlfield><datafield ind1=" " ind2=" " tag="010"><subfield code="a">sn 84029207 </subfield></datafield><datafield ind1=" " ind2=" " tag="040"><subfield code="a">KSH</subfield><subfield code="b">eng</subfield><subfield code="c">KSH</subfield><subfield code="d">NPT</subfield><subfield code="d">OCL</subfield><subfield code="d">OCLCQ</subfield></datafield><datafield ind1=" " ind2=" " tag="042"><subfield code="a">msc</subfield></datafield><datafield ind1="0" ind2="0" tag="245"><subfield code="a">Farlington gem.</subfield></datafield><datafield ind1=" " ind2=" " tag="260"><subfield code="a">Farlington, Kan. :</subfield><subfield code="b">James B. Frazier &amp; Co.,</subfield><subfield code="c">1886-1887.</subfield></datafield><datafield ind1=" " ind2=" " tag="300"><subfield code="a">1 v. ;</subfield><subfield code="c">49 cm.</subfield></datafield><datafield ind1=" " ind2=" " tag="310"><subfield code="a">Weekly</subfield></datafield><datafield ind1="0" ind2=" " tag="362"><subfield code="a">Vol. 1, no. 9 (Oct. 28, 1886)-v. 1, no. 21 (Jan. 20, 1887).</subfield></datafield><datafield ind1=" " ind2=" " tag="752"><subfield code="a">United States</subfield><subfield code="b">Kansas</subfield><subfield code="c">Crawford</subfield><subfield code="d">Farlington.</subfield></datafield><datafield ind1="0" ind2="0" tag="780"><subfield code="t">Western gem</subfield><subfield code="w">(DLC)sn 84029208</subfield></datafield><datafield ind1="0" ind2="0" tag="785"><subfield code="t">Hepler banner</subfield><subfield code="w">(DLC)sn 84029165</subfield></datafield></record>